<?xml version="1.0" encoding="UTF-8"?><collection xmlns="http://www.loc.gov/MARC21/slim"><record><leader>00542nam--2200181-u-4500</leader><controlfield tag="001">000053589</controlfield><controlfield tag="002">20161230</controlfield><controlfield tag="005">20161230201051</controlfield><controlfield tag="008">110502s1000------------r-----000-0-ger-d</controlfield><datafield ind1=" " ind2=" " tag="040"><subfield code="a">IFIN-HH</subfield></datafield><datafield ind1=" " ind2=" " tag="041"><subfield code="a">ger</subfield></datafield><datafield ind1=" " ind2=" " tag="080"><subfield code="a">535.374(043)</subfield></datafield><datafield ind1="1" ind2=" " tag="100"><subfield code="a">Grathwohl, Manfred</subfield></datafield><datafield ind1="1" ind2="0" tag="245"><subfield code="a">Refelexionsspektroskopische unterusuchungen im infrarotan, sichtbaren and ultravioletten spektralgebiet</subfield><subfield code="b">Disertation</subfield><subfield code="c">Manfred grathwohl</subfield></datafield><datafield ind1=" " ind2=" " tag="260"><subfield code="a">Tubingen</subfield><subfield code="b">Universitat</subfield><subfield code="c">1967</subfield></datafield><datafield ind1=" " ind2=" " tag="300"><subfield code="a">111P</subfield></datafield><datafield ind1=" " ind2=" " tag="852"><subfield code="a">78267</subfield><subfield code="c">535.37</subfield></datafield><datafield ind1=" " ind2=" " tag="CAT"><subfield code="a">Sys</subfield><subfield code="c">20110502</subfield><subfield code="h">141151</subfield></datafield></record></collection>